@inproceedings{duchon1977splines,
  title={Splines minimizing rotation-invariant semi-norms in Sobolev spaces},
  author={Duchon, Jean},
  booktitle={Constructive Theory of Functions of Several Variables: Proceedings of a Conference Held at Oberwolfach April 25--May 1, 1976},
  pages={85--100},
  year={1977},
  organization={Springer}
},

@book{gu2013smoothing,
  title={Smoothing spline ANOVA models},
  author={Gu, Chong},
  volume={297},
  year={2013},
  publisher={Springer}
}

@article{meinguet1979multivariate,
  title={Multivariate interpolation at arbitrary points made simple},
  author={Meinguet, Jean},
  journal={Zeitschrift f{\"u}r angewandte Mathematik und Physik ZAMP},
  volume={30},
  number={2},
  pages={292--304},
  year={1979},
  publisher={Springer}
},

@article{wahba1980some,
  title={Some new mathematical methods for variational objective analysis using splines and cross validation},
  author={Wahba, Grace and Wendelberger, James},
  journal={Monthly weather review},
  volume={108},
  number={8},
  pages={1122--1143},
  year={1980}
},