@article{serdobolskij_1983,
  title={On minimal error probability in discriminant analysis},
  author={Serdobolskii, A. V.},
  journal={Reports of the Academy of Sciences of the USSR},
  volume={270},
  pages={1066--1070},
  year={1983}
}

@comment{dobriban_sheng_2018,
  title={Distributed linear regression by averaging},
  author={Dobriban, Edgar and Sheng, Yue},
  journal={arXiv preprint arXiv:1810.00412},
  year={2018}
}

@article{lolas_2020,
  title={Regularization in high-dimensional regression and classification via random matrix theory},
  author={Lolas, Panagiotis},
  journal={arXiv preprint arXiv:2003.13723},
  year={2020}
}

@inproceedings{stephenson_broderick_2020,
  title={Approximate cross-validation in high dimensions with guarantees},
  author={Stephenson, William and Broderick, Tamara},
  booktitle={International Conference on Artificial Intelligence and Statistics},
  year={2020}
}

@article{bai_silverstein_1998,
  title={No eigenvalues outside the support of the limiting spectral distribution of large-dimensional sample covariance matrices},
  author={Bai, Zhi-Dong and Silverstein, Jack {W.}},
  journal={The Annals of Probability},
  volume={26},
  number={1},
  pages={316--345},
  year={1998},
  publisher={Institute of Mathematical Statistics}
}

@article{tsigler_bartlett_2020,
  title={Benign overfitting in ridge regression},
  author={Tsigler, Alexander and Bartlett, Peter {L.}},
  journal={arXiv preprint arXiv:2009.14286},
  year={2020}
}

@comment{mei_montanari_2019,
  title={The generalization error of random features regression: precise asymptotics and double descent curve},
  author={Mei, Song and Montanari, Andrea},
  journal={arXiv preprint arXiv:1908.05355},
  year={2019}
}

@inproceedings{zhang_bengio_hardt_recht_vinyals_2016,
  title={Understanding deep learning requires rethinking generalization},
  author={Zhang, Chiyuan and Bengio, Samy and Hardt, Moritz and Recht, Benjamin and Vinyals, Oriol},
  booktitle={International Conference on Learning Representations},
  year={2017}
}

@article{rad_zhou_maleki_2020,
  title={Error bounds in estimating the out-of-sample prediction error using leave-one-out cross validation in high-dimensions},
  author={Rad, Kamiar Rahnama and Zhou, Wenda and Maleki, Arian},
  journal={arXiv preprint arXiv:2003.01770},
  year={2020}
}

@article{wahba_1980,
  title={Spline bases, regularization, and generalized cross-validation for solving approximation problems with large quantities of noisy data},
  author={Wahba, Grace},
  journal={Approximation Theory III},
  year={1980},
  publisher={Academic Press, New York}
}

@article{golub_heath_wabha_1979,
  title={Generalized cross-validation as a method for choosing a good ridge parameter},
  author={Golub, Gene {H.} and Heath, Michael and Wahba, Grace},
  journal={Technometrics},
  volume={21},
  number={2},
  pages={215--223},
  year={1979},
  publisher={Taylor \& Francis Group}
}

@comment{rad_maleki_2018,
  title={A scalable estimate of the extra-sample prediction error via approximate leave-one-out},
  author={Rad, Kamiar Rahnama and Maleki, Arian},
  journal={arXiv preprint arXiv:1801.10243},
  year={2018}
}

@article{wang_zhou_lu_maleki_mirrokni_2018,
  title={Approximate leave-one-out for fast parameter tuning in high dimensions},
  author={Wang, Shuaiwen and Zhou, Wenda and Lu, Haihao and Maleki, Arian and Mirrokni, Vahab},
  journal={arXiv preprint arXiv:1807.02694},
  year={2018}
}

@comment{hastie_montanari_rosset_tibshirani_2019,
  title={Surprises in high-dimensional ridgeless least squares interpolation},
  author={Hastie, Trevor and Montanari, Andrea and Rosset, Saharon and Tibshirani, Ryan {J.}},
  journal={arXiv preprint arXiv:1903.08560},
  year={2019}
}

@article{stone_1977,
  title={Asymptotics for and against cross-validation},
  author={Stone, Mervyn},
  journal={Biometrika},
  volume={64},
  number={1},
  pages={29--35},
  year={1977},
  publisher={JSTOR}
}

@article{kobak_lomond_sanchez_2020,
  title={The Optimal Ridge Penalty for Real-world High-dimensional Data Can Be Zero or Negative due to the Implicit Ridge Regularization},
  author={Kobak, Dmitry and Lomond, Jonathan and Sanchez, Benoit},
  journal={Journal of Machine Learning Research},
  volume={21},
  number={169},
  pages={1--16},
  year={2020}
}

@article{belkin_hsu_ma_mandal_2019,
  title={Reconciling modern machine-learning practice and the classical bias--variance trade-off},
  author={Belkin, Mikhail and Hsu, Daniel and Ma, Siyuan and Mandal, Soumik},
  journal={Proceedings of the National Academy of Sciences},
  volume={116},
  number={32},
  pages={15849--15854},
  year={2019},
  publisher={National Acad Sciences}
}

@book{friedman_hastie_tibshirani_2001,
  title={The Elements of Statistical Learning},
  author={Hastie, Trevor and Tibshirani, Robert and Friedman, Jerome},
  year={2009},
  note={Second edition},
  publisher={Springer Series in Statistics}
}

@comment{hoerl_kennard_1970,
  title={Ridge regression: Biased estimation for nonorthogonal problems},
  author={Hoerl, Arthur E. and Kennard, Robert W.},
  journal={Technometrics},
  volume={12},
  number={1},
  pages={55--67},
  year={1970},
  publisher={Taylor \& Francis Group}
}

@article{dicker_2016,
  title={Ridge regression and asymptotic minimax estimation over spheres of growing dimension},
  author={Dicker, Lee {H.}},
  journal={Bernoulli},
  volume={22},
  number={1},
  pages={1--37},
  year={2016},
  publisher={Bernoulli Society for Mathematical Statistics and Probability}
}

@comment{bai_silversteiin_1998,
  title={No eigenvalues outside the support of the limiting spectral distribution of large-dimensional sample covariance matrices},
  author={Bai, Zhi-Dong and Silverstein, Jack {W.}},
  journal={The Annals of Probability},
  volume={26},
  number={1},
  pages={316--345},
  year={1998},
  publisher={Institute of Mathematical Statistics}
}

@article{rubio_mestre_2011,
  title={Spectral convergence for a general class of random matrices},
  author={Rubio, Francisco and Mestre, Xavier},
  journal={Statistics \& probability letters},
  volume={81},
  number={5},
  pages={592--602},
  year={2011},
  publisher={Elsevier}
}

@article{wu_xu_2020,
  title={On the Optimal Weighted $\ell_2$ Regularization in Overparameterized Linear Regression},
  author={Wu, Denny and Xu, Ji},
  journal={arXiv preprint arXiv:2006.05800},
  year={2020}
}

@inproceedings{xu_hsu_2019,
  title={On the number of variables to use in principal component regression},
  author={Xu, Ji and Hsu, Daniel J.},
  booktitle={Advances in Neural Information Processing Systems},
  year={2019}
}

@inproceedings{hsu_kakade_zhang_2012,
  title={Random design analysis of ridge regression},
  author={Hsu, Daniel and Kakade, Sham M. and Zhang, Tong},
  booktitle={Conference on Learning Theory},
  year={2012}
}

@article{dobriban_sheng_2020,
  title={WONDER: Weighted One-shot Distributed Ridge Regression in High Dimensions},
  author={Dobriban, Edgar and Sheng, Yue},
  journal={Journal of Machine Learning Research},
  volume={21},
  number={66},
  pages={1--52},
  year={2020}
}

@article{liang_rakhlin_2020,
  title={Just interpolate: Kernel “ridgeless” regression can generalize},
  author={Liang, Tengyuan and Rakhlin, Alexander},
  journal={Annals of Statistics},
  volume={48},
  number={3},
  pages={1329--1347},
  year={2020},
  publisher={Institute of Mathematical Statistics}
}

@article{bao_guangming_wang_2015,
  title={Universality for the largest eigenvalue of sample covariance matrices with general population},
  author={Bao, Zhigang and Pan, Guangming and Zhou, Wang},
  journal={The Annals of Statistics},
  volume={43},
  number={1},
  pages={382--421},
  year={2015},
  publisher={Institute of Mathematical Statistics}
}

@article{elkaroui_2005,
  title={Recent results about the largest eigenvalue of random covariance matrices and statistical application},
  author={El Karoui, Noureddine},
  journal={Acta Physica Polonica Series B},
  volume={36},
  number={9},
  year={2005},
  publisher={Institute of Physics, Jagellonian University; 1999}
}

@article{silverstein_choi_1995,
  title={Analysis of the limiting spectral distribution of large dimensional random matrices},
  author={Silverstein, Jack {W.} and Choi, Sang-Il},
  journal={Journal of Multivariate Analysis},
  volume={54},
  number={2},
  pages={295--309},
  year={1995},
  publisher={Elsevier}
}

@article{bauer_pereverzev_rosasco_2007,
  title={On regularization algorithms in learning theory},
  author={Bauer, Frank and Pereverzev, Sergei {V.} and Rosasco, Lorenzo},
  journal={Journal of complexity},
  volume={23},
  number={1},
  pages={52--72},
  year={2007},
  publisher={Elsevier}
}

@article{mathe_pereverzev_2003,
  title={Geometry of linear ill-posed problems in variable {H}ilbert scales},
  author={Math{\'e}, Peter and Pereverzev, Sergei {V.}},
  journal={Inverse problems},
  volume={19},
  number={3},
  pages={789},
  year={2003},
  publisher={IOP Publishing}
}

@article{richards_mourtada_rosasco_2020,
  title={Asymptotics of Ridge(less) Regression under General Source Condition},
  author={Richards, Dominic and Mourtada, Jaouad and Rosasco, Lorenzo},
  journal={arXiv preprint arXiv:2006.06386},
  year={2020}
}

@article{silverstein_1995,
  title={Strong convergence of the empirical distribution of eigenvalues of large dimensional random matrices},
  author={Silverstein, Jack {W.}},
  journal={Journal of Multivariate Analysis},
  volume={55},
  number={2},
  pages={331--339},
  year={1995},
  publisher={Elsevier}
}

@book{bai_silverstein_2010,
  title={Spectral Analysis of Large Dimensional Random Matrices},
  author={Bai, Zhidong and Silverstein, Jack {W.}},
  volume={20},
  year={2010},
  publisher={Springer}
}

@book{tulino_verdu_2004,
  title={Random Matrix Theory and Wireless Communications},
  author={Tulino, Antonia M and Verd{\'u}, Sergio and Verdu, Sergio},
  year={2004},
  publisher={Now Publishers {Inc.}}
}

@ARTICLE{rubio_mestre_palomar_2012,
  author={F. {Rubio} and X. {Mestre} and D. P. {Palomar}},
  journal={IEEE Journal of Selected Topics in Signal Processing},
  title={Performance Analysis and Optimal Selection of Large Minimum Variance Portfolios Under Estimation Risk},
  year={2012},
  volume={6},
  number={4},
  pages={337--350},}

@article{marchenko_pastur_1967,
author={Mačhenko, Vladimir Alexandrovich and Pastur, Leonid Andreevich},
journal={Matematicheskii Sbornik},
volume={114},
number={4},
pages={507--536},
year={1967},
}

@comment{ledoit_peche_2009,
author={Olivier Ledoit and Sandrine Peche},
title={Eigenvectors of some large sample covariance matrix ensembles},
journal={Probability Theory and Related Fields},
volume={151},
number={1--2},
pages={233--264},
year={2011},
}

@article{dobriban_wager_2018,
  title={High-dimensional asymptotics of prediction: Ridge regression and classification},
  author={Dobriban, Edgar and Wager, Stefan},
  journal={The Annals of Statistics},
  volume={46},
  number={1},
  pages={247--279},
  year={2018},
  publisher={Institute of Mathematical Statistics}
}

@article{liu_dobriban_2019,
  title={Ridge regression: Structure, cross-validation, and sketching},
  author={Liu, Sifan and Dobriban, Edgar},
  journal={arXiv preprint arXiv:1910.02373},
  year={2019}
}

@article{li_1987,
  title={Asymptotic optimality for $ C_p, C_L $, cross-validation and generalized cross-validation: Discrete index set},
  author={Li, Ker-Chau},
  journal={The Annals of Statistics},
  volume={15},
  number={3},
  pages={958--975},
  year={1987},
  publisher={Institute of Mathematical Statistics}
}

@article{li_1986,
  title={Asymptotic optimality of $ C_L $ and generalized cross-validation in ridge regression with application to spline smoothing},
  author={Li, Ker-Chau},
  journal={The Annals of Statistics},
  volume={14},
  number={3},
  pages={1101--1112},
  year={1986},
  publisher={Institute of Mathematical Statistics}
}

@inproceedings{beirami_razaviyan_shahrampour_tarokh_2017,
  title={On optimal generalizability in parametric learning},
  author={Beirami, Ahmad and Razaviyayn, Meisam and Shahrampour, Shahin and Tarokh, Vahid},
  booktitle={Advances in Neural Information Processing Systems},
  year={2017}
}

@article{xu_maleki_rad_2019,
  title={Consistent risk estimation in high-dimensional linear regression},
  author={Xu, Ji and Maleki, Arian and Rad, Kamiar Rahnama},
  journal={arXiv preprint arXiv:1902.01753},
  year={2019}
}

@comment{miolane2018distribution,
  title={The distribution of the lasso: Uniform control over sparse balls and adaptive parameter tuning},
  author={Miolane, L{\'e}o and Montanari, Andrea},
  journal={arXiv preprint arXiv:1811.01212},
  year={2018}
}

@article{celentano2020lasso,
  title={The Lasso with general {G}aussian designs with applications to hypothesis testing},
  author={Celentano, Michael and Montanari, Andrea and Wei, Yuting},
  journal={arXiv preprint arXiv:2007.13716},
  year={2020}
}

@comment{wilson2020approximate,
  title={Approximate cross-validation: Guarantees for model assessment and selection},
  author={Wilson, Ashia and Kasy, Maximilian and Mackey, Lester},
  booktitle={International Conference on Artificial Intelligence and Statistics},
  year={2020},
}

@book{wahba_1990,
  title={Spline Models for Observational Data},
  author={Wahba, Grace},
  year={1990},
  publisher={SIAM}
}

@article{stone_1974,
  title={Cross-validatory choice and assessment of statistical predictions},
  author={Stone, Mervyn},
  journal={Journal of the Royal Statistical Society: Series B},
  volume={36},
  number={2},
  pages={111--133},
  year={1974},
  publisher={Wiley Online Library}
}

@article{allen_1974,
  title={The relationship between variable selection and data augmentation and a method for prediction},
  author={Allen, David M.},
  journal={Technometrics},
  volume={16},
  number={1},
  pages={125--127},
  year={1974},
  publisher={Taylor \& Francis}
}

@book{gyorfi_kohler_krzyzak_walk_2006,
  title={A Distribution-free Theory of Nonparametric Regression},
  author={Gy{\"o}rfi, L{\'a}szl{\'o} and Kohler, Michael and Krzyzak, Adam and Walk, Harro},
  year={2006},
  publisher={Springer Science \& Business Media}
}

@article{dudoit_vanderlaan_2005,
  title={Asymptotics of cross-validated risk estimation in estimator selection and performance assessment},
  author={Dudoit, Sandrine and van der Laan, Mark {J.}},
  journal={Statistical methodology},
  volume={2},
  number={2},
  pages={131--154},
  year={2005},
  publisher={Elsevier}
}

@article{austern_zhou_2020,
  title={Asymptotics of Cross-Validation},
  author={Austern, Morgane and Zhou, Wenda},
  journal={arXiv preprint arXiv:2001.11111},
  year={2020}
}

@article{karoui_2013,
  title={Asymptotic behavior of unregularized and ridge-regularized high-dimensional robust regression estimators: rigorous results},
  author={Karoui, Noureddine El},
  journal={arXiv preprint arXiv:1311.2445},
  year={2013}
}

@article{craven_wahba_1979,
  title={Estimating the correct degree of smoothing by the method of generalized cross-validation},
  author={Craven, Peter and Wahba, Grace},
  journal={Numerische Mathematik},
  volume={31},
  pages={377--403},
  year={1979}
}

@comment{beirami_razaviyan_sharampour_tarokh_2017,
  title={On optimal generalizability in parametric learning},
  author={Beirami, Ahmad and Razaviyayn, Meisam and Shahrampour, Shahin and Tarokh, Vahid},
  journal={arXiv preprint arXiv:1711.05323},
  year={2017}
}

@inproceedings{kale_kumar_vassilvitskii_2011,
  title={Cross-validation and mean-square stability},
  author={Kale, Satyen and Kumar, Ravi and Vassilvitskii, Sergei},
  booktitle={In Proceedings of the Second Symposium on Innovations in Computer Science},
  year={2011},
}

@inproceedings{kumar_lokshtanov_vassilviskii_vattani_2013,
  title={Near-optimal bounds for cross-validation via loss stability},
  author={Kumar, Ravi and Lokshtanov, Daniel and Vassilvitskii, Sergei and Vattani, Andrea},
  booktitle={International Conference on Machine Learning},
  year={2013},
}

@article{hachem_loubaton_najim_2007,
  title={Deterministic equivalents for certain functionals of large random matrices},
  author={Hachem, Walid and Loubaton, Philippe and Najim, Jamal},
  journal={The Annals of Applied Probability},
  volume={17},
  number={3},
  pages={875--930},
  year={2007},
  publisher={Institute of Mathematical Statistics}
}

@article{li_1985,
  title={From {Stein's} unbiased risk estimates to the method of generalized cross validation},
  author={Li, Ker-Chau},
  journal={The Annals of Statistics},
  pages={1352--1377},
  year={1985},
  publisher={JSTOR}
}

@article{geisser_1975,
  title={The predictive sample reuse method with applications},
  author={Geisser, Seymour},
  journal={Journal of the American statistical Association},
  volume={70},
  number={350},
  pages={320--328},
  year={1975},
  publisher={Taylor \& Francis Group}
}

@article{meijer_goeman_2013,
  title={Efficient approximate k-fold and leave-one-out cross-validation for ridge regression},
  author={Meijer, Rosa {J.} and Goeman, Jelle {J.}},
  journal={Biometrical Journal},
  volume={55},
  number={2},
  pages={141--155},
  year={2013},
  publisher={Wiley Online Library}
}

@inproceedings{kohavi_1995,
  title={A study of cross-validation and bootstrap for accuracy estimation and model selection},
  author={Kohavi, Ron},
  booktitle={International Joint Conferences on Artificial Intelligence},
  year={1995},
}

@comment{obuchi_2016,
  title={Cross validation in {LASSO} and its acceleration},
  author={Obuchi, Tomoyuki and Kabashima, Yoshiyuki},
  journal={Journal of Statistical Mechanics: Theory and Experiment},
  year={2016},
  publisher={IOP Publishing}
}

@book{couillet_debbah_2011,
  title={Random Matrix Methods for Wireless Communications},
  author={Couillet, Romain and Debbah, Merouane},
  year={2011},
  publisher={Cambridge University Press}
}

@article{arlot_celisse_2010,
  title={A survey of cross-validation procedures for model selection},
  author={Arlot, Sylvain and Celisse, Alain},
  journal={Statistics surveys},
  volume={4},
  pages={40--79},
  year={2010}
}

@article{hoerl_kennard_1970_1,
  title={Ridge regression: Biased estimation for nonorthogonal problems},
  author={Hoerl, Arthur {E.} and Kennard, Robert {W.}},
  journal={Technometrics},
  volume={12},
  number={1},
  pages={55--67},
  year={1970},
  publisher={Taylor \& Francis Group}
}

@article{hoerl_kennard_1970_2,
  title={Ridge regression: applications to nonorthogonal problems},
  author={Hoerl, Arthur {E.} and Kennard, Robert {W.}},
  journal={Technometrics},
  volume={12},
  number={1},
  pages={69--82},
  year={1970},
  publisher={Taylor \& Francis}
}

@inproceedings{tikhonov_1943,
  title={On the stability of inverse problems},
  author={Tikhonov, Andrey N.},
  booktitle={Doklady Akademii Nauk SSSR},
  volume={39},
  pages={195--198},
  year={1943}
}

@inproceedings{tikhonov_1963,
  title={On the solution of ill-posed problems and the method of regularization},
  author={Tikhonov, Andrei N.},
  booktitle={Doklady Akademii Nauk SSSR},
  volume={151},
  pages={501--504},
  year={1963},
}

@article{bartlett_long_lugosi_tsigler_2020,
  title={Benign overfitting in linear regression},
  author={Bartlett, Peter L. and Long, Philip M. and Lugosi, G{\'a}bor and Tsigler, Alexander},
  journal={Proceedings of the National Academy of Sciences},
  volume={117},
  number={48},
  pages={30063--30070},
  year={2020},
  publisher={National Academy of Sciences}
}

@article{belkin_hsu_xu_2020,
  title={Two models of double descent for weak features},
  author={Belkin, Mikhail and Hsu, Daniel and Xu, Ji},
  journal={SIAM Journal on Mathematics of Data Science},
  volume={2},
  number={4},
  pages={1167--1180},
  year={2020},
  publisher={SIAM}
}

@article{muthukumar_vodrahalli_subramanian_sahai_2020,
  title={Harmless interpolation of noisy data in regression},
  author={Muthukumar, Vidya and Vodrahalli, Kailas and Subramanian, Vignesh and Sahai, Anant},
  journal={IEEE Journal on Selected Areas in Information Theory},
  volume={1},
  number={1},
  pages={67--83},
  year={2020},
  publisher={IEEE}
}

@comment{liang_rakhlink_2020,
  title={Just interpolate: Kernel “ridgeless” regression can generalize},
  author={Liang, Tengyuan and Rakhlin, Alexander},
  journal={The Annals of Statistics},
  volume={48},
  number={3},
  pages={1329--1347},
  year={2020},
  publisher={Institute of Mathematical Statistics}
}

@article{rad_maleki_2020,
  title={A scalable estimate of the out-of-sample prediction error via approximate leave-one-out cross-validation},
  author={Rad, Kamiar Rahnama and Maleki, Arian},
  journal={Journal of the Royal Statistical Society: Series B (Statistical Methodology)},
  volume={82},
  number={4},
  pages={965--996},
  year={2020},
  publisher={Wiley Online Library}
}

@inproceedings{liu_jiang_liao_2014,
  title={Efficient approximation of cross-validation for kernel methods using Bouligand influence function},
  author={Liu, Yong and Jiang, Shali and Liao, Shizhong},
  booktitle={International Conference on Machine Learning},
  pages={324--332},
  year={2014},
  organization={PMLR}
}

@article{obuchi_kabashima_2016,
  title={Cross validation in {LASSO} and its acceleration},
  author={Obuchi, Tomoyuki and Kabashima, Yoshiyuki},
  journal={Journal of Statistical Mechanics: Theory and Experiment},
  year={2016},
  publisher={IOP Publishing}
}

@article{wang_zhou_maleki_lu_mirrokni_2018,
  title={Approximate leave-one-out for high-dimensional non-differentiable learning problems},
  author={Wang, Shuaiwen and Zhou, Wenda and Maleki, Arian and Lu, Haihao and Mirrokni, Vahab},
  journal={arXiv preprint arXiv:1810.02716},
  year={2018}
}

@inproceedings{giordano_stephenson_liu_jordan_broderick_2019,
  title={A swiss army infinitesimal jackknife},
  author={Giordano, Ryan and Stephenson, William and Liu, Runjing and Jordan, Michael and Broderick, Tamara},
  booktitle={The 22nd International Conference on Artificial Intelligence and Statistics},
  pages={1139--1147},
  year={2019},
  organization={PMLR}
}

@inproceedings{wilson_kasy_mackey_2020,
  title={Approximate cross-validation: Guarantees for model assessment and selection},
  author={Wilson, Ashia and Kasy, Maximilian and Mackey, Lester},
  booktitle={International Conference on Artificial Intelligence and Statistics},
  pages={4530--4540},
  year={2020},
  organization={PMLR}
}

@article{xu_maleki_rad_hsu_2021,
  title={Consistent Risk Estimation in Moderately High-Dimensional Linear Regression},
  author={Xu, Ji and Maleki, Arian and Rad, Kamiar Rahnama and Hsu, Daniel},
  journal={IEEE Transactions on Information Theory},
  volume={67},
  number={9},
  pages={5997--6030},
  year={2021},
  publisher={IEEE}
}

@inproceedings{patil_wei_rinaldo_tibshirani_2021,
  title={Uniform Consistency of Cross-Validation Estimators for High-Dimensional Ridge Regression},
  author={Patil, Pratik and Wei, Yuting and Rinaldo, Alessandro and Tibshirani, Ryan {J.}},
  booktitle={International Conference on Artificial Intelligence and Statistics},
  pages={3178--3186},
  year={2021},
  organization={PMLR}
}

@article{bayle_bayle_janson_mackey_2020,
  title={Cross-validation confidence intervals for test error},
  author={Bayle, Pierre and Bayle, Alexandre and Janson, Lucas and Mackey, Lester},
  journal={arXiv preprint arXiv:2007.12671},
  year={2020}
}

@comment{kumar_lokshtanov_vassilvitskii_vattani_2013,
  title={Near-optimal bounds for cross-validation via loss stability},
  author={Kumar, Ravi and Lokshtanov, Daniel and Vassilvitskii, Sergei and Vattani, Andrea},
  booktitle={International Conference on Machine Learning},
  pages={27--35},
  year={2013},
  organization={PMLR}
}

@article{celisse_guedj_2016,
  title={Stability revisited: new generalisation bounds for the leave-one-out},
  author={Celisse, Alain and Guedj, Benjamin},
  journal={arXiv preprint arXiv:1608.06412},
  year={2016}
}

@article{steinberger_leeb_2016,
  title={Leave-one-out prediction intervals in linear regression models with many variables},
  author={Steinberger, Lukas and Leeb, Hannes},
  journal={arXiv preprint arXiv:1602.05801},
  year={2016}
}

@article{steinberger_leeb_2018,
  title={Conditional predictive inference for high-dimensional stable algorithms},
  author={Steinberger, Lukas and Leeb, Hannes},
  journal={arXiv preprint arXiv:1809.01412},
  year={2018}
}

@article{bousquet_elisseef_2002,
  title={Stability and generalization},
  author={Bousquet, Olivier and Elisseeff, Andr{\'e}},
  journal={The Journal of Machine Learning Research},
  volume={2},
  pages={499--526},
  year={2002},
  publisher={JMLR. org}
}

@book{durrett_2019,
  title={Probability: Theory and Examples},
  author={Durrett, Rick},
  volume={49},
  year={2019},
  publisher={Cambridge university press}
}

@article{koenker_bassett_1978,
  title={Regression quantiles},
  author={Koenker, Roger and Bassett Jr., Gilbert},
  journal={Econometrica: Journal of the Econometric Society},
  pages={33--50},
  year={1978},
  publisher={JSTOR}
}

@article{hastie_2020,
  title={Ridge regularization: An essential concept in data science},
  author={Hastie, Trevor},
  journal={Technometrics},
  volume={62},
  number={4},
  pages={426--433},
  year={2020},
  publisher={Taylor \& Francis}
}

@article{bartlett_montanari_rakhlin_2021,
  title={Deep learning: a statistical viewpoint},
  author={Bartlett, Peter L. and Montanari, Andrea and Rakhlin, Alexander},
  journal={arXiv preprint arXiv:2103.09177},
  year={2021}
}

@article{meyer_1973,
  title={Generalized inversion of modified matrices},
  author={Meyer, {Jr.}, Carl {D.}},
  journal={SIAM Journal on Applied Mathematics},
  volume={24},
  number={3},
  pages={315--323},
  year={1973},
  publisher={SIAM}
}

@article{paul_silverstein_2009,
  title={No eigenvalues outside the support of the limiting empirical spectral distribution of a separable covariance matrix},
  author={Paul, Debashis and Silverstein, Jack {W.}},
  journal={Journal of Multivariate Analysis},
  volume={100},
  number={1},
  pages={37--57},
  year={2009},
  publisher={Elsevier}
}

@article{couillet_hachem_2014,
  title={Analysis of the limiting spectral measure of large random matrices of the separable covariance type},
  author={Couillet, Romain and Hachem, Walid},
  journal={Random Matrices: Theory and Applications},
  volume={3},
  number={04},
  pages={1450016},
  year={2014},
  publisher={World Scientific}
}

@book{devore_lorentz_1993,
  title={Constructive Approximation},
  author={DeVore, Ronald {A.} and Lorentz, George {G.}},
  volume={303},
  year={1993},
  publisher={Springer Science \& Business Media}
}

@book{davidson_1994,
  title={Stochastic Limit Theory: An Introduction for Econometricians},
  author={Davidson, James},
  year={1994},
  publisher={OUP Oxford}
}

@article{petersen_pederson_2008,
  title={The matrix cookbook},
  author={Petersen, Kaare Brandt and Pedersen, Michael Syskind and others},
  journal={Technical University of Denmark},
  volume={7},
  number={15},
  pages={510},
  year={2008}
}

@book{tao_2010,
  title={An Epsilon of Room, I: Real Analysis},
  author={Tao, Terence},
  volume={1},
  year={2010},
  publisher={American Mathematical Soc.}
}

@article{burkholder_1973,
  title={Distribution function inequalities for martingales},
  author={Burkholder, Donald {L.}},
  journal={The Annals of Probability},
  volume={1},
  number={1},
  pages={19--42},
  year={1973},
  publisher={Institute of Mathematical Statistics}
}

@comment{erdos_2017,
  title={A dynamical approach to random matrix theory},
  author={Erdos, L{\'a}szl{\'o} and Yau, Horng-Tzer},
  journal={Courant Lecture Notes in Mathematics},
  volume={28},
  year={2017}
}

@comment{belkin2019reconciling,
  title={Reconciling modern machine-learning practice and the classical bias--variance trade-off},
  author={Belkin, Mikhail and Hsu, Daniel and Ma, Siyuan and Mandal, Soumik},
  journal={Proceedings of the National Academy of Sciences},
  volume={116},
  number={32},
  pages={15849--15854},
  year={2019},
  publisher={National Acad Sciences}
}

@article{belkin_hsu_mitra_2018,
  title={Overfitting or perfect fitting? risk bounds for classification and regression rules that interpolate},
  author={Belkin, Mikhail and Hsu, Daniel J and Mitra, Partha},
  journal={Advances in neural information processing systems},
  volume={31},
  year={2018}
}

@inproceedings{belkin2019does,
  title={Does data interpolation contradict statistical optimality?},
  author={Belkin, Mikhail and Rakhlin, Alexander and Tsybakov, Alexandre B},
  booktitle={International Conference on Artificial Intelligence and Statistics},
  pages={1611--1619},
  year={2019},
  organization={PMLR}
}

@comment{hastie2009elements,
  title={The Elements of Statistical Learning: Data Mining, Inference, and Prediction},
  author={Hastie, Trevor and Tibshirani, Robert and Friedman, Jerome {H.}},
  year={2009},
  publisher={Springer Series in Statistics}
}

@comment{zhang2021understanding,
  title={Understanding deep learning (still) requires rethinking generalization},
  author={Zhang, Chiyuan and Bengio, Samy and Hardt, Moritz and Recht, Benjamin and Vinyals, Oriol},
  journal={Communications of the ACM},
  volume={64},
  number={3},
  pages={107--115},
  year={2021},
  publisher={ACM New York, NY, USA}
}

@comment{liang2020just,
  title={Just interpolate: Kernel “ridgeless” regression can generalize},
  author={Liang, Tengyuan and Rakhlin, Alexander},
  journal={The Annals of Statistics},
  volume={48},
  number={3},
  pages={1329--1347},
  year={2020},
  publisher={Institute of Mathematical Statistics}
}

@article{xing_song_cheng_2018,
  title={Statistical optimality of interpolated nearest neighbor algorithms},
  author={Xing, Yue and Song, Qifan and Cheng, Guang},
  journal={arXiv preprint arXiv:1810.02814},
  year={2018}
}

@article{xing_song_cheng_2022,
  title={Benefit of interpolation in nearest neighbor algorithms},
  author={Xing, Yue and Song, Qifan and Cheng, Guang},
  journal={arXiv preprint arXiv:2202.11817},
  year={2022}
}

@article{liang2020precise,
  title={A Precise High-Dimensional Asymptotic Theory for Boosting and Minimum-L1-Norm Interpolated Classifiers},
  author={Liang, Tengyuan and Sur, Pragya},
  journal={arXiv preprint arXiv:2002.01586},
  year={2020}
}

@article{dar_muthukumar_baraniuk_2021,
  title={A Farewell to the Bias-Variance Tradeoff? {A}n Overview of the Theory of Overparameterized Machine Learning},
  author={Dar, Yehuda and Muthukumar, Vidya and Baraniuk, Richard G},
  journal={arXiv preprint arXiv:2109.02355},
  year={2021}
}

@article{li_wei_2021,
  title={Minimum $\ell_1$-norm interpolators: Precise asymptotics and multiple descent},
  author={Li, Yue and Wei, Yuting},
  journal={arXiv preprint arXiv:2110.09502},
  year={2021}
}

@inproceedings{adlam2020neural,
  title={The neural tangent kernel in high dimensions: Triple descent and a multi-scale theory of generalization},
  author={Adlam, Ben and Pennington, Jeffrey},
  booktitle={International Conference on Machine Learning},
  pages={74--84},
  year={2020},
  organization={PMLR}
}

@article{chen2020multiple,
  title={Multiple descent: Design your own generalization curve},
  author={Chen, Lin and Min, Yifei and Belkin, Mikhail and Karbasi, Amin},
  journal={arXiv preprint arXiv:2008.01036},
  year={2020}
}

@article{neyshabur2014search,
  title={In search of the real inductive bias: On the role of implicit regularization in deep learning},
  author={Neyshabur, Behnam and Tomioka, Ryota and Srebro, Nathan},
  journal={arXiv preprint arXiv:1412.6614},
  year={2014}
}

@article{nakkiran2019deep,
  title={Deep double descent: Where bigger models and more data hurt},
  author={Nakkiran, Preetum and Kaplun, Gal and Bansal, Yamini and Yang, Tristan and Barak, Boaz and Sutskever, Ilya},
  journal={arXiv preprint arXiv:1912.02292},
  year={2019}
}

@inproceedings{belkin2018understand,
  title={To understand deep learning we need to understand kernel learning},
  author={Belkin, Mikhail and Ma, Siyuan and Mandal, Soumik},
  booktitle={International Conference on Machine Learning},
  pages={541--549},
  year={2018},
  organization={PMLR}
}

@comment{Mei2019generalization,
  title={The Generalization Error of Random Features Regression: Precise Asymptotics and the Double Descent Curve},
  author={Mei, Song and Montanari, Andrea},
  journal={Communications on Pure and Applied Mathematics},
  year={2019},
  publisher={Wiley Online Library}
}

@comment{nakkiran_venkat_Kakade_Ma-2020,
  title={Optimal regularization can mitigate double descent},
  author={Nakkiran, Preetum and Venkat, Prayaag and Kakade, Sham and Ma, Tengyu},
  journal={arXiv preprint arXiv:2003.01897},
  year={2020}
}

@book{serfling_2009,
  title={Approximation Theorems of Mathematical Statistics},
  author={Serfling, Robert {J.}},
  volume={162},
  year={2009},
  publisher={Wiley Series in Probability and Statistics}
}

@article{trunk1979problem,
  title={A problem of dimensionality: A simple example},
  author={Trunk, Gerard {V.}},
  journal={IEEE Transactions on pattern analysis and machine intelligence},
  pages={306--307},
  year={1979},
  publisher={IEEE}
}

@inproceedings{duin1995small,
  title={Small sample size generalization},
  author={Duin, Robert {P.W.}},
  booktitle={Proceedings of the Scandinavian Conference on Image Analysis},
  volume={2},
  pages={957--964},
  year={1995},
}

@incollection{opper1996statistical,
  title={Statistical mechanics of generalization},
  author={Opper, Manfred and Kinzel, Wolfgang},
  booktitle={Models of neural networks III},
  pages={151--209},
  year={1996},
  publisher={Springer}
}

@article{loog_viering_mey_2019,
  title={Minimizers of the empirical risk and risk monotonicity},
  author={Loog, Marco and Viering, Tom and Mey, Alexander},
  journal={Advances in Neural Information Processing Systems},
  volume={32},
  pages={7478--7487},
  year={2019}
}

@article{lecun1990second,
  title={Second order properties of error surfaces: Learning time and generalization},
  author={LeCun, Yann and Kanter, Ido and Solla, Sara},
  journal={Advances in neural information processing systems},
  year={1990}
}

@article{geiger2019jamming,
  title={Jamming transition as a paradigm to understand the loss landscape of deep neural networks},
  author={Geiger, Mario and Spigler, Stefano and d'Ascoli, Stephane and Sagun, Levent and Baity-Jesi, Marco and Biroli, Giulio and Wyart, Matthieu},
  journal={Physical Review E},
  volume={100},
  number={1},
  pages={012115},
  year={2019},
  publisher={APS}
}

@inproceedings{kini2020analytic,
  title={Analytic study of double descent in binary classification: The impact of loss},
  author={Kini, Ganesh Ramachandra and Thrampoulidis, Christos},
  booktitle={2020 IEEE International Symposium on Information Theory (ISIT)},
  pages={2527--2532},
  year={2020},
  organization={IEEE}
}

@article{derezinski2020exact,
  title={Exact expressions for double descent and implicit regularization via surrogate random design},
  author={Derezinski, Michal and Liang, Feynman {T.} and Mahoney, Michael W},
  journal={Advances in neural information processing systems},
  volume={33},
  pages={5152--5164},
  year={2020}
}

@article{frei2022benign,
  title={Benign Overfitting without Linearity: Neural Network Classifiers Trained by Gradient Descent for Noisy Linear Data},
  author={Frei, Spencer and Chatterji, Niladri S and Bartlett, Peter L},
  journal={arXiv preprint arXiv:2202.05928},
  year={2022}
}

@inproceedings{viering2019open,
  title={Open problem: Monotonicity of learning},
  author={Viering, Tom and Mey, Alexander and Loog, Marco},
  booktitle={Conference on Learning Theory},
  pages={3198--3201},
  year={2019}
}

@article{mhammedi2021risk,
  title={Risk Monotonicity in Statistical Learning},
  author={Mhammedi, Zakaria},
  journal={Advances in Neural Information Processing Systems},
  year={2021}
}

@article{loog_viering_mey_krijthe_tax_2020,
  title={A brief prehistory of double descent},
  author={Loog, Marco and Viering, Tom and Mey, Alexander and Krijthe, Jesse H and Tax, David MJ},
  journal={Proceedings of the National Academy of Sciences},
  volume={117},
  number={20},
  pages={10625--10626},
  year={2020},
  publisher={National Acad Sciences}
}

@article{mitra2019understanding,
  title={Understanding overfitting peaks in generalization error: Analytical risk curves for $l_2$ and $l_1$ penalized interpolation},
  author={Mitra, Partha P},
  journal={arXiv preprint arXiv:1906.03667},
  year={2019}
}

@article{nakkiran2019more,
  title={More data can hurt for linear regression: Sample-wise double descent},
  author={Nakkiran, Preetum},
  journal={arXiv preprint arXiv:1912.07242},
  year={2019}
}

@comment{stone1974cross,
  title={Cross-validatory choice and assessment of statistical predictions},
  author={Stone, Mervyn},
  journal={Journal of the royal statistical society: Series B (Methodological)},
  volume={36},
  number={2},
  pages={111--133},
  year={1974},
  publisher={Wiley Online Library}
}

@comment{gyorfi2002distribution,
  title={A Distribution-Free Theory of Nonparametric Regression},
  author={Gy{\"o}rfi, L{\'a}szl{\'o} and Kohler, Michael and Krzyzak, Adam and Walk, Harro},
  year={2002},
  publisher={Springer Series in Statistics}
}

@article{yang2007consistency,
  title={Consistency of cross-validation for comparing regression procedures},
  author={Yang, Yuhong},
  journal={The Annals of Statistics},
  volume={35},
  number={6},
  pages={2450--2473},
  year={2007},
  publisher={Institute of Mathematical Statistics}
}

@article{van2007super,
  title={Super learner},
  author={Van der Laan, Mark J and Polley, Eric C and Hubbard, Alan E},
  journal={Statistical applications in genetics and molecular biology},
  volume={6},
  number={1},
  year={2007},
  publisher={De Gruyter}
}

@article{van2006oracle,
  title={Oracle inequalities for multi-fold cross validation},
  author={Van der Vaart, Aad W and Dudoit, Sandrine and van der Laan, Mark J},
  journal={Statistics \& Decisions},
  volume={24},
  number={3},
  pages={351--371},
  year={2006},
  publisher={Oldenbourg Wissenschaftsverlag GmbH}
}

@article{lecue2012general,
  title={General nonexact oracle inequalities for classes with a subexponential envelope},
  author={Lecu{\'e}, Guillaume and Mendelson, Shahar},
  journal={The Annals of Statistics},
  volume={40},
  number={2},
  pages={832--860},
  year={2012},
  publisher={Institute of Mathematical Statistics}
}

@comment{MRRK-2021,
  title={Data splitting improves statistical performance in overparameterized regimes},
  author={M\"{u}cke, Nicole and Reiss, Enrico and Rungenhagen, Jonas and Kleinb, Marcus},
  journal={arXiv preprint arXiv:2110.10956},
  year={2021}
}

@comment{rad2020scalable,
  title={A scalable estimate of the out-of-sample prediction error via approximate leave-one-out cross-validation},
  author={Rad, Kamiar Rahnama and Maleki, Arian},
  journal={Journal of the Royal Statistical Society: Series B (Statistical Methodology)},
  volume={82},
  number={4},
  pages={965--996},
  year={2020},
  publisher={Wiley Online Library}
}

@comment{beirami2017optimal,
  title={On optimal generalizability in parametric learning},
  author={Beirami, Ahmad and Razaviyayn, Meisam and Shahrampour, Shahin and Tarokh, Vahid},
  journal={Advances in Neural Information Processing Systems},
  volume={30},
  year={2017}
}

@comment{wang2018approximate,
  title={Approximate leave-one-out for high-dimensional non-differentiable learning problems},
  author={Wang, Shuaiwen and Zhou, Wenda and Maleki, Arian and Lu, Haihao and Mirrokni, Vahab},
  journal={arXiv preprint arXiv:1810.02716},
  year={2018}
}

@comment{giordano2019swiss,
  title={A swiss army infinitesimal jackknife},
  author={Giordano, Ryan and Stephenson, William and Liu, Runjing and Jordan, Michael and Broderick, Tamara},
  booktitle={International Conference on Artificial Intelligence and Statistics},
  pages={1139--1147},
  year={2019},
  organization={PMLR}
}

@inproceedings{stephenson2020approximate,
  title={Approximate cross-validation in high dimensions with guarantees},
  author={Stephenson, William and Broderick, Tamara},
  booktitle={International Conference on Artificial Intelligence and Statistics},
  pages={2424--2434},
  year={2020},
  organization={PMLR}
}

@comment{xu2021consistent,
  title={Consistent Risk Estimation in Moderately High-Dimensional Linear Regression},
  author={Xu, Ji and Maleki, Arian and Rad, Kamiar Rahnama and Hsu, Daniel},
  journal={IEEE Transactions on Information Theory},
  volume={67},
  number={9},
  pages={5997--6030},
  year={2021},
  publisher={IEEE}
}

@comment{patil2021uniform,
  title={Uniform Consistency of Cross-Validation Estimators for High-Dimensional Ridge Regression},
  author={Patil, Pratik and Wei, Yuting and Rinaldo, Alessandro and Tibshirani, Ryan},
  booktitle={International Conference on Artificial Intelligence and Statistics},
  pages={3178--3186},
  year={2021},
  organization={PMLR}
}

@inproceedings{patil2022estimating,
  title={Estimating Functionals of the Out-of-Sample Error Distribution in High-Dimensional Ridge Regression},
  author={Patil, Pratik and Rinaldo, Alessandro and Tibshirani, Ryan},
  booktitle={International Conference on Artificial Intelligence and Statistics},
  pages={6087--6120},
  year={2022},
  organization={PMLR}
}

@comment{karoui2013asymptotic,
  title={Asymptotic behavior of unregularized and ridge-regularized high-dimensional robust regression estimators: rigorous results},
  author={Karoui, Noureddine El},
  journal={arXiv preprint arXiv:1311.2445},
  year={2013}
}


@article{karoui2018impact,
  title={On the impact of predictor geometry on the performance on high-dimensional ridge-regularized generalized robust regression estimators},
  author={Karoui, Noureddine EL},
  journal={Probability Theory and Related Fields},
  volume={170},
  number={1},
  pages={95--175},
  year={2018},
  publisher={Springer}
}

@article{bayati2011dynamics,
  title={The dynamics of message passing on dense graphs, with applications to compressed sensing},
  author={Bayati, Mohsen and Montanari, Andrea},
  journal={IEEE Transactions on Information Theory},
  volume={57},
  number={2},
  pages={764--785},
  year={2011},
  publisher={IEEE}
}

@article{stojnic2013framework,
  title={A framework to characterize performance of lasso algorithms},
  author={Stojnic, Mihailo},
  journal={arXiv preprint arXiv:1303.7291},
  year={2013}
}

@comment{thrampoulidis2015regularized,
  title={Regularized linear regression: A precise analysis of the estimation error},
  author={Thrampoulidis, Christos and Oymak, Samet and Hassibi, Babak},
  booktitle={Conference on Learning Theory},
  pages={1683--1709},
  year={2015},
  organization={PMLR}
}

@comment{thrampoulidis2018precise,
  title={Precise error analysis of regularized {$M$}-estimators in high dimensions},
  author={Thrampoulidis, Christos and Abbasi, Ehsan and Hassibi, Babak},
  journal={IEEE Transactions on Information Theory},
  volume={64},
  number={8},
  pages={5592--5628},
  year={2018},
  publisher={IEEE}
}

@article{bayati2015universality,
  title={Universality in polytope phase transitions and message passing algorithms},
  author={Bayati, Mohsen and Lelarge, Marc and Montanari, Andrea},
  journal={The Annals of Applied Probability},
  volume={25},
  number={2},
  pages={753--822},
  year={2015},
  publisher={Institute of Mathematical Statistics}
}

@inproceedings{montanari2017universality,
  title={Universality of the elastic net error},
  author={Montanari, Andrea and Nguyen, Phan-Minh},
  booktitle={2017 IEEE International Symposium on Information Theory (ISIT)},
  pages={2338--2342},
  year={2017},
  organization={IEEE}
}

@article{chen2021universality,
  title={Universality of approximate message passing algorithms},
  author={Chen, Wei-Kuo and Lam, Wai-Kit},
  journal={Electronic Journal of Probability},
  volume={26},
  pages={1--44},
  year={2021},
  publisher={Institute of Mathematical Statistics and Bernoulli Society}
}

@article{hu2020universality,
  title={Universality laws for high-dimensional learning with random features},
  author={Hu, Hong and Lu, Yue {M.}},
  journal={arXiv preprint arXiv:2009.07669},
  year={2020}
}


@article{donoho2009message,
  title={Message-passing algorithms for compressed sensing},
  author={Donoho, David {L.} and Maleki, Arian and Montanari, Andrea},
  journal={Proceedings of the National Academy of Sciences},
  volume={106},
  number={45},
  pages={18914--18919},
  year={2009},
  publisher={National Acad Sciences}
}

@article{donoho2016high,
  title={High dimensional robust {$M$}-estimation: Asymptotic variance via approximate message passing},
  author={Donoho, David and Montanari, Andrea},
  journal={Probability Theory and Related Fields},
  volume={166},
  number={3},
  pages={935--969},
  year={2016},
  publisher={Springer}
}

@book{vanderVaart_2000,
  title={Asymptotic Statistics},
  author={Van der Vaart, Aad {W.}},
  year={2000},
  publisher={Cambridge University Press}
}

@inproceedings{catoni_2012,
  title={Challenging the empirical mean and empirical variance: a deviation study},
  author={Catoni, Olivier},
  booktitle={Annales de l'IHP Probabilit{\'e}s et statistiques},
  volume={48},
  pages={1148--1185},
  year={2012}
}

@article{minsker_2015,
  title={Geometric median and robust estimation in Banach spaces},
  author={Minsker, Stanislav},
  journal={Bernoulli},
  volume={21},
  number={4},
  pages={2308--2335},
  year={2015},
  publisher={Bernoulli Society for Mathematical Statistics and Probability}
}

@article{fan_li_wang_2017,
  title={Estimation of high dimensional mean regression in the absence of symmetry and light tail assumptions},
  author={Fan, Jianqing and Li, Quefeng and Wang, Yuyan},
  journal={Journal of the Royal Statistical Society: Series B (Statistical Methodology)},
  volume={79},
  number={1},
  pages={247--265},
  year={2017},
  publisher={Wiley Online Library}
}

@article{lugosi2019mean,
  title={Mean estimation and regression under heavy-tailed distributions: A survey},
  author={Lugosi, G{\'a}bor and Mendelson, Shahar},
  journal={Foundations of Computational Mathematics},
  volume={19},
  number={5},
  pages={1145--1190},
  year={2019},
  publisher={Springer}
}

@book{vershynin_2018,
  title={High-dimensional Probability: An Introduction with Applications in Data Science},
  author={Vershynin, Roman},
  year={2018},
  publisher={Cambridge University Press}
}

@article{mendelson_zhivotovskiy_2020,
  title={Robust covariance estimation under {$L_4-L_2$} norm equivalence},
  author={Mendelson, Shahar and Zhivotovskiy, Nikita},
  journal={The Annals of Statistics},
  volume={48},
  number={3},
  pages={1648--1664},
  year={2020},
  publisher={Institute of Mathematical Statistics}
}

@article{minsker_wei_2020,
  title={Robust modifications of {U}-statistics and applications to covariance estimation problems},
  author={Minsker, Stanislav and Wei, Xiaohan},
  journal={Bernoulli},
  volume={26},
  number={1},
  pages={694--727},
  year={2020},
  publisher={Bernoulli Society for Mathematical Statistics and Probability}
}

@article{minsker_2018,
  title={Sub-Gaussian estimators of the mean of a random matrix with heavy-tailed entries},
  author={Minsker, Stanislav},
  journal={The Annals of Statistics},
  volume={46},
  number={6A},
  pages={2871--2903},
  year={2018},
  publisher={Institute of Mathematical Statistics}
}

@article{candes2006near,
  title={Near-optimal signal recovery from random projections: Universal encoding strategies?},
  author={Candes, Emmanuel J and Tao, Terence},
  journal={IEEE transactions on Information Theory},
  volume={52},
  number={12},
  pages={5406--5425},
  year={2006},
  publisher={IEEE}
}

@article{donoho2006compressed,
  title={Compressed sensing},
  author={Donoho, David L},
  journal={IEEE Transactions on Information Theory},
  volume={52},
  number={4},
  pages={1289--1306},
  year={2006},
  publisher={IEEE}
}

@article{adamczak_radoslaw_litvak_pajor_tomczakjaegermann_2010,
  title={Quantitative estimates of the convergence of the empirical covariance matrix in log-concave ensembles},
  author={Adamczak, Rados{\l}aw and Litvak, Alexander and Pajor, Alain and Tomczak-Jaegermann, Nicole},
  journal={Journal of the American Mathematical Society},
  volume={23},
  number={2},
  pages={535--561},
  year={2010}
}

@article{latala_1999,
  title={On the equivalence between geometric and arithmetic means for log-concave measures},
  author={Lata{\l}a, Rafa{\l}},
  journal={Convex geometric analysis},
  volume={34},
  pages={123--127},
  year={1999}
}

@article{nayar_oleszkiewicz_2012,
  title={Khinchine type inequalities with optimal constants via ultra log-concavity},
  author={Nayar, Piotr and Oleszkiewicz, Krzysztof},
  journal={Positivity},
  volume={16},
  number={2},
  pages={359--371},
  year={2012},
  publisher={Springer}
}

@misc{warsaw_2003,
  author        = {Warsaw},
  title         = {Notes on isotropic convex bodies},
  howpublished = {\url{http://users.uoa.gr/~apgiannop/isotropic-bodies.pdf}},
  month         = {October},
  year          = {2003},
  note = {[Online; accessed 2022-05-24]}
}

@book{ledoux_2001,
  title={The Concentration of Measure Phenomenon},
  author={Ledoux, Michel},
  year={2001},
  publisher={American Mathematical Society}
}

@book{royden_1988,
  title={Real Analysis},
  author={Royden, Halsey Lawrence},
  year={1988},
  note={Third Edition},
  publisher={Macmillan New York}
}

@comment{miolane2021distribution,
  title={The distribution of the lasso: Uniform control over sparse balls and adaptive parameter tuning},
  author={Miolane, L{\'e}o and Montanari, Andrea},
  journal={The Annals of Statistics},
  volume={49},
  number={4},
  pages={2313--2335},
  year={2021},
  publisher={Institute of Mathematical Statistics}
}

@article{montanari2019generalization,
  title={The generalization error of max-margin linear classifiers: High-dimensional asymptotics in the overparametrized regime},
  author={Montanari, Andrea and Ruan, Feng and Sohn, Youngtak and Yan, Jun},
  journal={arXiv preprint arXiv:1911.01544},
  year={2019}
}

@comment{sur2019likelihood,
  title={The likelihood ratio test in high-dimensional logistic regression is asymptotically a rescaled chi-square},
  author={Sur, Pragya and Chen, Yuxin and Cand{\`e}s, Emmanuel {J.}},
  journal={Probability theory and related fields},
  volume={175},
  number={1},
  pages={487--558},
  year={2019},
  publisher={Springer}
}

@book{schapire2013boosting,
  title={Boosting: Foundations and Algorithms},
  author={Schapire, Robert {E.} and Freund, Yoav},
  year={2013},
  publisher={MIT Press}
}

@book{pedersen_2012,
  title={Analysis Now},
  author={Pedersen, Gert {K.}},
  year={2012},
  publisher={Springer Graduate Texts in Mathematics}
}

@book{rockafellar_wets_2009,
  title={Variational analysis},
  author={Rockafellar, {R.} Tyrrell and Wets, Roger J-B},
  year={2009},
  publisher={Springer Series of Comprehensive Studies in Mathematics}
}

@book{pugh_2002,
  title={Real Mathematical Analysis},
  author={Pugh, Charles Chapman},
  year={2002},
  publisher={Springer Undergraduate Texts in Mathematics}
}

@book{munkres_2000,
  title={Topology},
  author={Munkres, James {R.}},
  year={2000},
  note={Second Edition},
  publisher={Pearson Prentice Hall}
}

@article{karoui_kolsters_2011,
  title={Geometric sensitivity of random matrix results: consequences for shrinkage estimators of covariance and related statistical methods},
  author={Karoui, Noureddine El and K{\"o}sters, Holger},
  journal={arXiv preprint arXiv:1105.1404},
  year={2011}
}

@article{ledoit_peche_2011,
  title={Eigenvectors of some large sample covariance matrix ensembles},
  author={Ledoit, Olivier and P{\'e}ch{\'e}, Sandrine},
  journal={Probability Theory and Related Fields},
  volume={151},
  number={1},
  pages={233--264},
  year={2011},
  publisher={Springer}
}

@book{bhatia_2013,
  title={Matrix Analysis},
  author={Bhatia, Rajendra},
  year={1997},
  publisher={Springer Graduate Texts in Mathematics}
}

@article{hiriart-urruty_martinez_2003,
  title={New formulas for the {L}egendre--{F}enchel transform},
  author={Hiriart-Urruty, J-B and Mart{\i}nez-Legaz, J-E},
  journal={Journal of mathematical analysis and applications},
  volume={288},
  number={2},
  pages={544--555},
  year={2003},
  publisher={Elsevier}
}

@book{rudin_1976,
  title={Principles of Mathematical Analysis},
  author={Rudin, Walter},
  year={1976},
  publisher={McGraw-Hill New York}
}

@book{wellner_vandervaart_2013,
  title={Weak Convergence and Empirical Processes: with Applications to Statistics},
  author={Wellner, Jon and van der Vaart, Aad},
  year={2013},
  publisher={Springer Series in Statistics}
}

@article{dobriban_sheng_2021,
  title={Distributed linear regression by averaging},
  author={Dobriban, Edgar and Sheng, Yue},
  journal={The Annals of Statistics},
  volume={49},
  number={2},
  pages={918--943},
  year={2021},
  publisher={Institute of Mathematical Statistics}
}

@article{knowles_yin_2017,
  title={Anisotropic local laws for random matrices},
  author={Knowles, Antti and Yin, Jun},
  journal={Probability Theory and Related Fields},
  volume={169},
  number={1},
  pages={257--352},
  year={2017},
  publisher={Springer}
}

@book{erdos_yau_2017,
  title={A Dynamical Approach to Random Matrix Theory},
  author={Erdos, L{\'a}szl{\'o} and Yau, Horng-Tzer},
  publisher={Courant Lecture Notes in Mathematics},
  year={2017}
}

@incollection{gribkova_2020,
  title={Bounds for absolute moments of order statistics},
  author={Gribkova, Nadezhda {V.}},
  booktitle={Exploring Stochastic Laws},
  pages={129--134},
  year={2020},
  publisher={De Gruyter}
}

@article{bloemendal_knowles_yau_yin_2016,
  title={On the principal components of sample covariance matrices},
  author={Bloemendal, Alex and Knowles, Antti and Yau, Horng-Tzer and Yin, Jun},
  journal={Probability theory and related fields},
  volume={164},
  number={1},
  pages={459--552},
  year={2016},
  publisher={Springer}
}

@book{loeve_2017,
  title={Probability Theory},
  author={Loeve, Michel},
  year={2017},
  publisher={Courier Dover Publications}
}

@article{deng_kammoun_thrampoulidis_2019,
  title={A model of double descent for high-dimensional binary linear classification},
  author={Deng, Zeyu and Kammoun, Abla and Thrampoulidis, Christos},
  journal={arXiv preprint arXiv:1911.05822},
  year={2019}
}

@article{montanari_ruan_sohn_yan_2019,
  title={The generalization error of max-margin linear classifiers: High-dimensional asymptotics in the overparametrized regime},
  author={Montanari, Andrea and Ruan, Feng and Sohn, Youngtak and Yan, Jun},
  journal={arXiv preprint arXiv:1911.01544},
  year={2019}
}

@article{liang_sur_2020,
  title={A Precise High-Dimensional Asymptotic Theory for Boosting and Minimum-l1-Norm Interpolated Classifiers},
  author={Liang, Tengyuan and Sur, Pragya},
  journal={arXiv preprint arXiv:2002.01586},
  year={2020}
}

@article{rosset_tibshirani_2019,
  title={From fixed-X to random-X regression: Bias-variance decompositions, covariance penalties, and prediction error estimation},
  author={Rosset, Saharon and Tibshirani, Ryan J},
  journal={Journal of the American Statistical Association},
  year={2019},
  publisher={Taylor \& Francis}
}

@article{efron_1983,
  title={Estimating the error rate of a prediction rule: improvement on cross-validation},
  author={Efron, Bradley},
  journal={Journal of the American statistical association},
  volume={78},
  number={382},
  pages={316--331},
  year={1983},
  publisher={Taylor \& Francis}
}

@article{efron_1986,
  title={How biased is the apparent error rate of a prediction rule?},
  author={Efron, Bradley},
  journal={Journal of the American statistical Association},
  volume={81},
  number={394},
  pages={461--470},
  year={1986},
  publisher={Taylor \& Francis}
}

@book{hastie_tibshirani_1990,
	author = {Trevor Hastie and Robert Tibshirani},
	publisher = {Chapman \& Hall},
	title = {Generalized Additive Models},
	year = 1990
}

@article{efron_2004,
  title={The estimation of prediction error: covariance penalties and cross-validation},
  author={Efron, Bradley},
  journal={Journal of the American Statistical Association},
  volume={99},
  number={467},
  pages={619--632},
  year={2004},
  publisher={Taylor \& Francis}
}

@article{ye_1998,
  title={On measuring and correcting the effects of data mining and model selection},
  author={Ye, Jianming},
  journal={Journal of the American Statistical Association},
  volume={93},
  number={441},
  pages={120--131},
  year={1998},
  publisher={Taylor \& Francis}
}

@article{stein_1981,
  title={Estimation of the mean of a multivariate normal distribution},
  author={Stein, Charles M},
  journal={The annals of Statistics},
  pages={1135--1151},
  year={1981},
  publisher={JSTOR}
}

@article{craven_wahba_1978,
  title={Smoothing noisy data with spline functions},
  author={Craven, Peter and Wahba, Grace},
  journal={Numerische mathematik},
  volume={31},
  number={4},
  pages={377--403},
  year={1978},
  publisher={Springer}
}

@article{zou_hastie_tibshirani_2007,
  title={On the “degrees of freedom” of the lasso},
  author={Zou, Hui and Hastie, Trevor and Tibshirani, Robert},
  journal={The Annals of Statistics},
  volume={35},
  number={5},
  pages={2173--2192},
  year={2007},
  publisher={Institute of Mathematical Statistics}
}

@article{tibshirani_taylor_2012,
  title={Degrees of freedom in lasso problems},
  author={Tibshirani, Ryan J and Taylor, Jonathan},
  journal={The Annals of Statistics},
  volume={40},
  number={2},
  pages={1198--1232},
  year={2012},
  publisher={Institute of Mathematical Statistics}
}

@article{kaufman_rosset_2014,
  title={When does more regularization imply fewer degrees of freedom? Sufficient conditions and counterexamples},
  author={Kaufman, Shachar and Rosset, Saharon},
  journal={Biometrika},
  volume={101},
  number={4},
  pages={771--784},
  year={2014},
  publisher={Oxford University Press}
}

@article{janson_fithian_hastie_2015,
  title={Effective degrees of freedom: a flawed metaphor},
  author={Janson, Lucas and Fithian, William and Hastie, Trevor J},
  journal={Biometrika},
  volume={102},
  number={2},
  pages={479--485},
  year={2015},
  publisher={Oxford University Press}
}

@article{tibshirani_2015,
  title={Degrees of freedom and model search},
  author={Tibshirani, Ryan J},
  journal={Statistica Sinica},
  pages={1265--1296},
  year={2015},
  publisher={JSTOR}
}

@article{zhang_bengio_hardt_recht_vinyals_2021,
  title={Understanding deep learning (still) requires rethinking generalization},
  author={Zhang, Chiyuan and Bengio, Samy and Hardt, Moritz and Recht, Benjamin and Vinyals, Oriol},
  journal={Communications of the ACM},
  volume={64},
  number={3},
  pages={107--115},
  year={2021},
  publisher={ACM New York, NY, USA}
}

@article{hastie2022surprises,
  title={Surprises in high-dimensional ridgeless least squares interpolation},
  author={Hastie, Trevor and Montanari, Andrea and Rosset, Saharon and Tibshirani, Ryan {J.}},
  journal={The Annals of Statistics},
  volume={50},
  number={2},
  pages={949--986},
  year={2022},
  publisher={Institute of Mathematical Statistics}
}

@article{deng2022model,
  title={A model of double descent for high-dimensional binary linear classification},
  author={Deng, Zeyu and Kammoun, Abla and Thrampoulidis, Christos},
  journal={Information and Inference: A Journal of the IMA},
  volume={11},
  number={2},
  pages={435--495},
  year={2022},
  publisher={Oxford University Press}
}

@article{mei_montanari_2022,
  title={The generalization error of random features regression: Precise asymptotics and the double descent curve},
  author={Mei, Song and Montanari, Andrea},
  journal={Communications on Pure and Applied Mathematics},
  volume={75},
  number={4},
  pages={667--766},
  year={2022},
  publisher={Wiley Online Library}
}

@inproceedings{liu2021kernel,
  title={Kernel regression in high dimensions: Refined analysis beyond double descent},
  author={Liu, Fanghui and Liao, Zhenyu and Suykens, Johan},
  booktitle={International Conference on Artificial Intelligence and Statistics},
  year={2021},
}

@article{belkin_2021,
  title={Fit without fear: remarkable mathematical phenomena of deep learning through the prism of interpolation},
  author={Belkin, Mikhail},
  journal={Acta Numerica},
  volume={30},
  pages={203--248},
  year={2021},
  publisher={Cambridge University Press}
}

@article{patil2022mitigating,
  title={Mitigating multiple descents: A model-agnostic framework for risk monotonization},
  author={Patil, Pratik and Kuchibhotla, Arun Kumar and Wei, Yuting and Rinaldo, Alessandro},
  journal={arXiv preprint arXiv:2205.12937},
  year={2022}
}

@article{breiman_1996,
  title={Bagging predictors},
  author={Breiman, Leo},
  journal={Machine Learning},
  volume={24},
  number={2},
  pages={123--140},
  year={1996},
  publisher={Springer}
}

@article{rosenblatt2016optimality,
  title={On the optimality of averaging in distributed statistical learning},
  author={Rosenblatt, Jonathan {D.} and Nadler, Boaz},
  journal={Information and Inference: A Journal of the IMA},
  volume={5},
  number={4},
  pages={379--404},
  year={2016},
  publisher={Oxford University Press}
}

@article{banerjee2019divide,
  title={Divide and conquer in nonstandard problems and the super-efficiency phenomenon},
  author={Banerjee, Moulinath and Durot, Cecile and Sen, Bodhisattva},
  journal={The Annals of Statistics},
  volume={47},
  number={2},
  pages={720--757},
  year={2019},
  publisher={Institute of Mathematical Statistics}
}

@inproceedings{mucke_reiss_rungenhagen_klein_2022,
  title={Data-splitting improves statistical performance in overparameterized regimes},
  author={M{\"u}cke, Nicole and Reiss, Enrico and Rungenhagen, Jonas and Klein, Markus},
  booktitle={International Conference on Artificial Intelligence and Statistics},
  pages={10322--10350},
  year={2022},
  organization={PMLR}
}

@inproceedings{nakkiran2021optimal,
title={Optimal Regularization can Mitigate Double Descent},
author={Preetum Nakkiran and Prayaag Venkat and Sham {M.} Kakade and Tengyu Ma},
booktitle={International Conference on Learning Representations},
year={2021},
url={https://openreview.net/forum?id=7R7fAoUygoa}
}

@article{buhlmann2002analyzing,
  title={Analyzing bagging},
  author={B{\"u}hlmann, Peter and Yu, Bin},
  journal={The Annals of Statistics},
  volume={30},
  number={4},
  pages={927--961},
  year={2002},
  publisher={Institute of Mathematical Statistics}
}

@article{strobl2009,
author = {Strobl, Carolin and Malley, James and Tutz, Gerhard},
year = {2009},
month = {12},
pages = {323-48},
title = {An Introduction to Recursive Partitioning: Rationale, Application, and Characteristics of Classification and Regression Trees, Bagging, and Random Forests},
volume = {14},
journal = {Psychological Methods},
doi = {10.1037/a0016973}
}

@article{fernandez2014we,
  title={Do we need hundreds of classifiers to solve real world classification problems?},
  author={Fern{\'a}ndez-Delgado, Manuel and Cernadas, Eva and Barro, Sen{\'e}n and Amorim, Dinani},
  journal={The Journal of Machine Learning Research},
  volume={15},
  number={1},
  pages={3133--3181},
  year={2014},
  publisher={JMLR.org}
}

@article{buja2006observations,
  title={Observations on bagging},
  author={Buja, Andreas and Stuetzle, Werner},
  journal={Statistica Sinica},
  pages={323--351},
  year={2006},
  publisher={JSTOR}
}

@article{friedman_hall_2007,
  title={On bagging and nonlinear estimation},
  author={Friedman, Jerome {H.} and Hall, Peter},
  journal={Journal of Statistical Planning and Inference},
  volume={137},
  number={3},
  pages={669--683},
  year={2007},
  publisher={Elsevier}
}

@article{hall_samworth_2005,
  title={Properties of bagged nearest neighbour classifiers},
  author={Hall, Peter and Samworth, Richard {J.}},
  journal={Journal of the Royal Statistical Society: Series B (Statistical Methodology)},
  volume={67},
  number={3},
  pages={363--379},
  year={2005},
  publisher={Wiley Online Library}
}

@article{samworth2012optimal,
  title={Optimal weighted nearest neighbour classifiers},
  author={Samworth, Richard {J.}},
  journal={The Annals of Statistics},
  volume={40},
  number={5},
  pages={2733--2763},
  year={2012},
  publisher={Institute of Mathematical Statistics}
}

@article{wu2021chebyshev,
  title={Chebyshev-{C}antelli {PAC}-{B}ayes-{B}ennett inequality for the weighted majority vote},
  author={Wu, Yi-Shan and Masegosa, Andres and Lorenzen, Stephan and Igel, Christian and Seldin, Yevgeny},
  journal={Advances in Neural Information Processing Systems},
  year={2021}
}

@article{athey_tibshirani_wager_2019,
  title={Generalized random forests},
  author={Athey, Susan and Tibshirani, Julie and Wager, Stefan},
  journal={The Annals of Statistics},
  volume={47},
  number={2},
  pages={1148--1178},
  year={2019},
  publisher={Institute of Mathematical Statistics}
}

@article{lopes2011more,
  title={A more powerful two-sample test in high dimensions using random projection},
  author={Lopes, Miles and Jacob, Laurent and Wainwright, Martin {J.}},
  journal={Advances in Neural Information Processing Systems},
  year={2011}
}

@article{srivastava2016raptt,
  title={{RAPTT: An exact two-sample test in high dimensions using random projections}},
  author={Srivastava, Radhendushka and Li, Ping and Ruppert, David},
  journal={Journal of Computational and Graphical Statistics},
  volume={25},
  number={3},
  pages={954--970},
  year={2016},
  publisher={Taylor \& Francis}
}

@article{cannings_samworth_2017,
  title={Random-projection ensemble classification},
  author={Cannings, Timothy {I.} and Samworth, Richard {J.}},
  journal={Journal of the Royal Statistical Society: Series B (Statistical Methodology)},
  volume={79},
  number={4},
  pages={959--1035},
  year={2017},
  publisher={Wiley Online Library}
}

@inproceedings{lejeune2020implicit,
  title={The implicit regularization of ordinary least squares ensembles},
  author={LeJeune, Daniel and Javadi, Hamid and Baraniuk, Richard},
  booktitle={International Conference on Artificial Intelligence and Statistics},
  year={2020},
}

@book{chaudhuri_2014,
  title={Modern Survey Sampling},
  author={Chaudhuri, Arijit},
  year={2014},
  note={First edition},
  publisher={CRC Press}
}

@inproceedings{thrampoulidis_oymak_hassibi_2015,
  title={Regularized linear regression: A precise analysis of the estimation error},
  author={Thrampoulidis, Christos and Oymak, Samet and Hassibi, Babak},
  booktitle={Conference on Learning Theory},
  pages={1683--1709},
  year={2015},
  organization={PMLR}
}

@article{thrampoulidis_abbasi_hassibi_2018,
  title={Precise error analysis of regularized {$M$}-estimators in high dimensions},
  author={Thrampoulidis, Christos and Abbasi, Ehsan and Hassibi, Babak},
  journal={IEEE Transactions on Information Theory},
  volume={64},
  number={8},
  pages={5592--5628},
  year={2018},
  publisher={IEEE}
}

@article{sur_chen_candes_2019,
  title={The likelihood ratio test in high-dimensional logistic regression is asymptotically a rescaled chi-square},
  author={Sur, Pragya and Chen, Yuxin and Cand{\`e}s, Emmanuel {J.}},
  journal={Probability Theory and Related Fields},
  volume={175},
  number={1},
  pages={487--558},
  year={2019},
  publisher={Springer}
}

@article{elkaroui_2018,
  title={On the impact of predictor geometry on the performance on high-dimensional ridge-regularized generalized robust regression estimators},
  author={El Karoui, Noureddine},
  journal={Probability Theory and Related Fields},
  volume={170},
  number={1},
  pages={95--175},
  year={2018},
  publisher={Springer}
}

@article{miolane_montanari_2021,
  title={The distribution of the lasso: Uniform control over sparse balls and adaptive parameter tuning},
  author={Miolane, L{\'e}o and Montanari, Andrea},
  journal={The Annals of Statistics},
  volume={49},
  number={4},
  pages={2313--2335},
  year={2021},
  publisher={Institute of Mathematical Statistics}
}

@book{grenander1958toeplitz,
  title={Toeplitz Forms and Their Applications},
  author={Grenander, Ulf and Szeg{\"o}, Gabor},
  year={1958},
  note={First edition},
  publisher={University of California Press}
}

@comment{li2021minimum,
  title={Minimum $\ell_1$-norm interpolators: Precise asymptotics and multiple descent},
  author={Li, Yue and Wei, Yuting},
  journal={arXiv preprint arXiv:2110.09502},
  year={2021}
}

@book{lee2019u,
  title={U-statistics: Theory and Practice},
  author={Lee, {A.} {J.}},
  year={1990},
  note={First edition},
  publisher={Routledge}
}

@article{sen1970hajek,
  title={The {H}{\'a}jek-{R}{\'e}nyi inequality for sampling from a finite population},
  author={Sen, Pranab Kumar},
  journal={Sankhy{\=a}: The Indian Journal of Statistics, Series A},
  pages={181--188},
  year={1970},
  publisher={JSTOR}
}

@book{bogachev2007measure,
  title={Measure Theory},
  author={Bogachev, Vladimir Igorevich},
  year={2007},
  note={First edition},
  publisher={Springer}
}

@book{gut_2005,
  title={Probability: A Graduate Course},
  author={Gut, Allan},
  year={2005},
  address = {New York},
  booktitle = {Probability : a graduate course},
  isbn = {9780387228334},
  publisher = {Springer},
}

@comment{bloemendal2016principal,
  title={On the principal components of sample covariance matrices},
  author={Bloemendal, Alex and Knowles, Antti and Yau, Horng-Tzer and Yin, Jun},
  journal={Probability theory and Related Fields},
  volume={164},
  number={1},
  pages={459--552},
  year={2016},
  publisher={Springer}
}

@book{shiryaev2016probability,
  title={Probability-1},
  author={Shiryaev, Albert {N.}},
  year={2016},
  note={Third edition},
  publisher={Springer}
}

@comment{durrett2010probability,
  title={Probability: Theory and Examples},
  author={Durrett, Rick},
  year={2010},
  note={Fourth edition},
  publisher={Cambridge University Press}
}

@article{greene2017exponential,
  title={Exponential bounds for the hypergeometric distribution},
  author={Greene, Evan and Wellner, Jon {A.}},
  journal={Bernoulli},
  volume={23},
  number={3},
  pages={1911},
  year={2017},
  publisher={NIH Public Access}
}

@article{hoeffding1963probability,
  title={Probability Inequalities for Sums of Bounded Random Variables},
  author={Hoeffding, Wassily},
  journal={Journal of the American Statistical Association},
  pages={13--30},
  year={1963},
  publisher={JSTOR}
}

@article{serfling1974probability,
  title={Probability inequalities for the sum in sampling without replacement},
  author={Serfling, Robert {J.}},
  journal={The Annals of Statistics},
  pages={39--48},
  year={1974},
  publisher={JSTOR}
}

@phdthesis{patil_2022,
  title={Facets of regularization in high-dimensional learning: Cross-validation, risk monotonization, and model complexity},
  author={Patil, Pratik},
  school={Carnegie Mellon University},
  year={2022}
}